@Book{ Ma82,
	title = "The Fractal Geometry of Nature ",
	author = "B. B. Mandelbrot",
	publisher = "Freeman",
	year = "1982"
}

@Book{ Ja08,
	title = "Geometria Fractal",
	author = "M. Janos",
	publisher = "Editora Ci{\^e}ncia Moderna Ltda.",
	address = "Brasil",
	year = "2008"
}

@Book{ Ma97,
	title = "Fractals and Scaling in Finance",
	author = "B. B. Mandelbrot",
	publisher = "Springer",
	address = "USA",
	year = "1997"
}

@Article{ MaPaSt99,
	title = "Applications of statistical mechanics to finance",
	author = "Rosario N. Mantegna and Zoltan Palagyi and H. Eugene Stanley",
	journal = "Physica A",
	pages = "216--221",
	volume = "274",
	number = "1-2",
	year = "1999"
}

@Article{ ChToPaAb10,
	title = "Econophysics: Empirical facts and agent- based models",
	author = "Anirban Chakraborti and Ioane Muni Toke and Marco Patriarca and Frederic Abergel",
	year = "2010"
}

@Book{ So02,
	author = "Didier Sornette",
	title = "Why stock markets crash: critical events in complex financial systems",
	publisher = "Princeton University Press",
	year = "2003",
	isbn = "9780691096308",
	address = "USA"
}

@Article{ WeYiFaWa03,
	title = "The cellular automaton model of investment behavior in the stock market",
	author = "Yi-Ming Wei and Shang-Jun Ying and Ying Fan and Bing-Hong Wang",
	journal = "Physica A",
	pages = "507--516",
	volume = "325",
	month = jul,
	year = "2003"
}

@Article{ BaHaKhRa10,
	title = "A social network model of investment behaviour in the stock market",
	author = "L. Bakker and W. Hare and H. Khosravi and B. Ramadanovic",
	journal = "Physica A",
	pages = "1223--1229",
	volume = "389",
	month = mar,
	year = "2010"
}

@Article{ FaYiWaWe09,
	title = "The effect of investor psychology on the complexity of stock market: An analysis based on cellular automaton model",
	author = "Ying Fan and Shang-Jun Ying and Bing-Hong Wang and Yi-Ming Wei",
	journal = "Computers \& Industrial Engineering",
	pages = "63--69",
	volume = "56",
	month = feb,
	year = "2009"
}

@Article{ WaWuDi04,
	title = "Physics of Econophysics",
	author = "Yougui Wang and Jinshan Wu and Zengru Di",
	pages = "1--23",
	year = "2004"
}

@Book{ MaSt00,
	title = "An introduction to econophysics: correlations and complexity in finance",
	author = "Rosario N. Mantegna and H. Eugene Stanley",
	publisher = "Cambridge University Press",
	year = "2000",
	isbn = "9780521620086",
	address = "USA",
	lccn = "99028047"
}

@Book{ Sc05,
	title = "Quantitative finance for physicists: an introduction",
	author = "A.B. Schmidt",
	isbn = "9780120884643",
	series = "Academic Press advanced finance series",
	year = "2005",
	publisher = "Elsevier Academic Press",
	address = "USA",
	lccn = "04026114"
}

@PhDThesis{ Fa02,
	title = "Aspectos Fractais em Sistemas Complexos ",
	author = "Allbens Atman Picardi Faria",
	school = "UFMG",
	address = "Belo Horizonte",
	month = oct,
	year = "2002"
}

@Book{ Bo04,
	title = "Modeling Complex Systems",
	author = "N. Boccara",
	isbn = "9781441965615",
	series = "Graduate Texts in Contemporary Physics",
	year = "2004",
	publisher = "Springer",
	address = "Chicago, USA"
}

@Article{ Wo83,
	title = "Statistical mechanics of cellular automata ",
	author = "Stephen Wolfram",
	journal = "Reviews of Modern Physics",
	pages = "601--644",
	volume = "55",
	year = "1983"
}

@Article{ CaCa08,
	title = "Aut{\^o}matos Celulares: Implementa\c{c}{\~a}o de Von Neumann, Conway e Wolfran ",
	author = "Marcia Luciana Aguena Castro and Reinaldo de Oliveira Castro",
	journal = "Revista de Ci{\^e}ncias Exatas e Tecnologia",
	volume = "3",
	number = "3",
	year = "2008"
}

@Article{ Be,
	title = "Sound Organization and Spatialization with John Conway\'{ }s Game of Life ",
	author = "Michael Berkowski",
	school = "University of Minnesota"
}

@Book{ KlGo06,
	title = "Introductory computational physics",
	author = "A. Klein and A. Godunov",
	isbn = "9780521828628",
	year = "2006",
	publisher = "Cambridge University Press",
	lccn = "2006276714"
}

@Book{ Fi,
	title = "Computational Physics: An introductory course ",
	author = "Richard Fitzpatrick",
	address = "The University of Texas Austin"
}

@Article{ HuDo62,
	title = "Random Number Generators",
	author = "T. E. Hull and A. R. Dobell",
	journal = "Society for Industrial and Applied Mathematics Review ",
	pages = "230--254",
	volume = "4",
	year = "1962"
}

@Book{ St93,
	title = "Monte Carlo Methods in Statistical Physics, in Computer Simulation and Computer Algebra ",
	author = "D. Stauffer",
	publisher = "Springer Verlag",
	address = "Berlim",
	year = "1993"
}

@Article{ Me87,
	title = "The beginning of the Monte Carlo method",
	author = "N. Metropolis",
	journal = "Los Alamos Science",
	pages = "125--130",
	year = "1987"
}

@Book{ Sa97,
	title = "Introdu\c{c}{\~a}o {\`a} f{\'i}sica estat{\'i}stica",
	author = "S.R. Salinas",
	isbn = "9788531403866",
	year = "1997",
	publisher = "Editora da Universidade de S{\~a}o Paulo",
	address = "S{\~a}o Paulo",
	edition = "2"
}

@Book{ Fa03,
	title = "Fractal geometry: mathematical foundations and applications",
	author = "K.J. Falconer",
	isbn = "9780470848623",
	year = "2003",
	publisher = "Wiley",
	lccn = "2004271361"
}

@Article{ CaTa08,
	title = "Testing for long-range dependence in world stock markets ",
	author = "Daniel O. Cajueiro and Benjamin M. Tabak",
	journal = "Chaos, Solitons \& Fractals",
	pages = "918--927",
	volume = "37",
	month = aug,
	year = "2008"
}

@Article{ CoVa03,
	title = "Long-range correlations and nonstationarity in the Brazilian stock market ",
	author = "R. L. Costa and G. L. Vasconcelos",
	journal = "Physica A",
	pages = "231--248",
	volume = "336",
	year = "2003"
}

@Article{ CaTa04,
	title = "The Hurst exponent over time : testing the assertion that emerging markets are becoming more efficient ",
	author = "Daniel O. Cajueiro and B. M. Tabak",
	journal = "Physica A",
	pages = "521--537",
	volume = "336",
	year = "2004"
}

@Article{ CaCaSt04,
	title = "Time-dependent Hurst exponent in financial time series ",
	author = "A. Carbone and G. Castelli and H. E. Stanley",
	journal = "Physica A",
	pages = "267--271",
	volume = "344",
	year = "2004"
}

@Article{ LiAnFi09,
	title = "An{\'a}lise do expoente de hurst em series temporais financeiras ",
	author = "Fabiano Guasti Lima and Vin{\'i}cius do Amaral Antonini and Ant{\^o}nio Carlos da Silva Filho",
	school = "USP",
	address = "S{\~a}o Paulo",
	year = "2009"
}

@Article{ CaZhYaYaWaZh06,
	title = "Diffusion entropy analysis on the scaling behavior of financial markets",
	author = "Shi-Min Cai and Pei-Ling Zhou and Hui-Jie Yang and Chun-Xia Yang and Bing-Hong Wang and Tao Zhou",
	journal = "Physica A",
	pages = "337--344",
	volume = "367",
	year = "2006"
}

@MastersThesis{ doDi09,
	title = "Uma Aplica\c{c}{\~a}o de M{\'e}todos de Renormaliza\c{c}{\~a}o ao Estudo de S{\'e}ries Temporais Financeiras ",
	author = "Renato Vieira dos Santos and Ronald Dickman",
	school = "UFMG",
	address = "Belo Horizonte",
	month = sep,
	year = "2009"
}

@Book{ BeZhCi09,
	title = "Mathematical Modelling and Numerical Methods in Finance",
	series = "Handbook of Numerical Analysis",
	editor = "Alain Bensoussan and Qiang Zhang and Philippe G. Ciarlet",
	publisher = "Elsevier",
	address = "Amsterdam",
	volume = "15",
	year = "2009"
}

@Book{ Sc05-1,
	title = "M{\'e}todos Computacionais da F{\'i}sica",
	author = "C. Scherer",
	isbn = "9788588325357",
	year = "2005",
	publisher = "Editora Livraria da F{\'i}sica",
	address = "Brasil"
}

@Article{ Cade06,
	title = "Minority game wth local interactions due to presence of herding behavior",
	author = "Daniel O. Cajueiro and Reinaldo Soares de Camargo",
	journal = "Physics Letters A",
	pages = "280--284",
	volume = "355",
	month = jul,
	year = "2006"
}

@Article{ AlBa02,
	title = "Statistical mechanics of complex networks",
	author = "Reka Albert and Albert-L{\'a}szl{\'o} Barab{\'a}si",
	journal = "Reviews of Modern Physics",
	pages = "47--97",
	volume = "74",
	month = jan,
	year = "2002"
}

@MastersThesis{ Mi03,
	title = "Finan\c{c}as Comportamentais no Brasil",
	author = "Daniel Yabe Milanez",
	school = "USP",
	month = nov,
	year = "2003"
}

